@inproceedings{mcdaniel2012cloudbrowser,
  title={The CloudBrowser web application framework},
  author={McDaniel, Brian and Back, Godmar},
  booktitle={Proceedings of the 3rd annual conference on Systems, programming, and applications: software for humanity},
  pages={141--156},
  year={2012},
  organization={ACM}
}

@article{garrett2005ajax,
  title={Ajax: A new approach to web applications},
  author={Garrett, Jesse James and others},
  year={2005}
}

@misc{nodermi,
  author = {Xiaozhong Pan},
  title = {{nodermi}},
  howpublished = "\url{https://github.com/bladepan/nodermi}",
  year = {2014}, 
  note = "[Online; accessed 29-November-2014]"
}