@misc{JSON,
    author = "Douglas Crockford",
    title = "JSON",
    howpublished = "\url{http://www.json.org}"
}

@misc{Selenium,
    title = "Selenium Web Browser Automation",
    howpublished = "\url{http://seleniumhq.org}"
}

@misc{OperaMini,
    title = "{Opera Mini Mobile Browser}",
    howpublished = "\url{http://www.opera.com/mobile}"
}

@misc{SkyFire,
    title = "{SkyFire Mobile Browser}",
    howpublished = "\url{http://www.skyfire.com/en/for-consumers/android/android}"
}

@misc{BootstrapDemo,
    title = "{Twitter Bootstrap JavaScript Demo}",
    howpublished = "\url{http://twitter.github.com/bootstrap/javascript.html}"
}

@misc{SocketIO,
    title = "Socket.io",
    howpublished = "\url{http://socket.io}"
}

@misc{MySQL,
    title = "{MySQL}",
    howpublished = "\url{http://mysql.com}"
}

@misc{Knockout,
    author = "Steve Sanderson",
    title = "Knockout",
    howpublished = "\url{http://knockoutjs.com}"
}

@misc{Sequelize,
    author = "Sascha Depold",
    title = "Sequelize",
    howpublished = "\url{http://sequelizejs.com}"
}

@misc{JQuery,
    author = "John Resig",
    title = "{jQuery}",
    howpublished = "\url{http://jquery.com}"
}

@misc{KeyNoteInternetHealth,
    author = "{Keynote Systems, Inc.}",
    title = "Internet Health Report",
    howpublished = "\url{http://www.internetpulse.net/}"
}

@misc{YUI,
    title = "{Yahoo! User Interface Library}",
    howpublished = "\url{http://yuilibrary.com}"
}

@misc{JoseMariaArranzSantamariaItsNat,
    author = "Jose Maria Arranz Santamaria",
    title = "{ItsNat}: Natural {AJAX}.  Component based {Java} Web Application Framework",
    howpublished = "\url{http://itsnat.sourceforge.net}"
}

@misc{NodeJS,
    author = "Ryan Dahl",
    title = "Node.js",
    howpublished = "\url{http://nodejs.org}"
}

@misc{JSDOM,
    author = "Elijah Insua",
    title = "{JSDOM}",
    howpublished = "\url{http://jsdom.org}"
}

@misc{GarrettAJAX,
    author = "Jesse Garrett",
    title = "{AJAX}: A new approach to web applications",
    howpublished = "\url{http://www.adaptivepath.com/ideas/ajax-new-approach-web-applications}",
    year = 2005
}

@misc{GWT,
    author = "{Google, Inc.}",
    title = "Google Web Toolkit (GWT)",
    howpublished = "\url{http://code.google.com/webtoolkit/}"
}

@techreport{OusterhoutFiz2009,
    title = "Fiz: A Component Framework for Web Applications",
    author = "John Ousterhout",
    institution = "Dep. of CS, Stanford University",
    year = 2009
}

@inproceedings{Woods+:asee2010,
    author = {Michael Woods and Godmar Back and Stephen Edwards},
    title = {An Infrastructure for Teaching CS1 in the Cloud},
    booktitle = {ASEE Southeast Section Annual Conference},
    year = 2010,
}

@article{ScheiflerGettys:acmtg1986,
    address = {New York, NY, USA},
    author = {Scheifler, Robert W. and Gettys, Jim},
    doi = {10.1145/22949.24053},
    journal = {ACM Trans. Graph.},
    month = apr,
    number = {2},
    pages = {79--109},
    publisher = {ACM},
    title = {{The X window system}},
    volume = {5},
    year = {1986}
}

@inproceedings{Adya:usenix2002,
    address = {Berkeley, CA, USA},
    author = {Adya, Atul and Howell, Jon and Theimer, Marvin and Bolosky, William J. and Douceur, John R.},
    booktitle = {Proceedings of the General Track of the annual conference on USENIX Annual Technical Conference},
    pages = {289--302},
    publisher = {USENIX Association},
    title = {{Cooperative Task Management Without Manual Stack Management}},
    year = {2002}
}

@book{ChenCheng:book2007,
    address = {Berkely, CA, USA},
    author = {Chen, Henri and Cheng, Robbie},
    publisher = {Apress},
    title = {{ZK: Ajax without the Javascript Framework}},
    year = {2007}
}

@article{CzajkowskiDayn:sp2001,
    address = {New York, NY, USA},
    author = {Czajkowski, Grzegorz and Dayn{\'{e}}s, Laurent},
    doi = {10.1145/504311.504292},
    journal = {SIGPLAN Not.},
    month = oct,
    number = {11},
    pages = {125--138},
    publisher = {ACM},
    title = {{Multitasking without comprimise: a virtual machine evolution}},
    volume = {36},
    year = {2001}
}

@article{EdwardsBack:csc2011,
    address = {USA},
    author = {Edwards, Stephen H. and Back, Godmar},
    journal = {J. Comput. Sci. Coll.},
    month = jan,
    number = {3},
    pages = {54--55},
    publisher = {Consortium for Computing Sciences in Colleges},
    title = {{Bringing creative web 2.0 programming into CS1: conference workshop}},
    volume = {26},
    year = {2011}
}

@incollection{KiczalesLamping:ecoop1997,
    address = {Berlin/Heidelberg},
    author = {Kiczales, Gregor and Lamping, John and Mendhekar, Anurag and Maeda, Chris and Lopes, Cristina and Loingtier, Jean-Marc and Irwin, John},
    booktitle = {ECOOP'97 â€” Object-Oriented Programming},
    doi = {10.1007/BFb0053381},
    pages = {220--242},
    publisher = {Springer Berlin / Heidelberg},
    title = {{Aspect-oriented programming}},
    volume = {1241},
    year = {1997}
}

@article{MesbahDuersen:tw2012,
    address = {New York, NY, USA},
    author = {Mesbah, Ali and van Deursen, Arie and Lenselink, Stefan},
    doi = {10.1145/2109205.2109208},
    journal = {ACM Trans. Web},
    month = mar,
    number = {1},
    publisher = {ACM},
    title = {{Crawling Ajax-Based Web Applications through Dynamic Analysis of User Interface State Changes}},
    volume = {6},
    year = {2012}
}

@inproceedings{MeyerovichGuha:sp2009,
    author = {Meyerovich, Leo A. and Guha, Arjun and Baskin, Jacob and Cooper, Gregory H. and Greenberg, Michael and Bromfield, Aleks and Krishnamurthi, Shriram},
    booktitle = {Proceedings of the 24th ACM SIGPLAN conference on Object oriented programming systems languages and applications},
    doi = {10.1145/1640089.1640091},
    location = {Orlando, Florida, USA},
    pages = {1--20},
    publisher = {ACM},
    series = {OOPSLA '09},
    title = {{Flapjax: a programming language for Ajax applications}},
    year = {2009}
}

@book{Nielsen:book1993,
    author = {Nielsen, Jakob},
    edition = {1st},
    howpublished = {Paperback},
    isbn = {9780125184069},
    month = sep,
    publisher = {Morgan Kaufmann},
    title = {{Usability Engineering}},
    year = {1993}
}

@inproceedings{Ousterhout:wa2010,
    address = {Berkeley, CA, USA},
    author = {Ousterhout, John and Stratmann, Eric},
    booktitle = {Proceedings of the 2010 USENIX conference on Web application development},
    location = {Boston, MA},
    pages = {7},
    publisher = {USENIX Association},
    series = {WebApps'10},
    title = {{Managing state for Ajax-driven web components}},
    year = {2010}
}

@article{Pariag:so2007,
    address = {New York, NY, USA},
    author = {Pariag, David and Brecht, Tim and Harji, Ashif and Buhr, Peter and Shukla, Amol and Cheriton, David R.},
    doi = {10.1145/1272998.1273021},
    journal = {SIGOPS Oper. Syst. Rev.},
    month = mar,
    number = {3},
    pages = {231--243},
    publisher = {ACM},
    title = {{Comparing the performance of web server architectures}},
    volume = {41},
    year = {2007}
}

@article{Reese:lj2008,
    address = {Houston, TX},
    author = {Reese, Will},
    journal = {Linux J.},
    month = sep,
    number = {173},
    publisher = {Belltown Media},
    title = {{Nginx: the high-performance web server and reverse proxy}},
    volume = {2008},
    year = {2008}
}

@inproceedings{Stratmann:wa2011,
    author = {Stratmann, Eric and Ousterhout, John and Madan, Sameer},
    booktitle = {Proceedings of the 2nd USENIX conference on Web application development},
    pages = {10},
    publisher = {USENIX Association},
    series = {WebApps'11},
    title = {{Integrating long polling with an MVC framework}},
    year = {2011}
}

@inproceedings{Tilevich:aop2008,
    address = {New York, NY, USA},
    author = {Tilevich, Eli and Back, Godmar},
    booktitle = {Proceedings of the 7th international conference on Aspect-oriented software development},
    doi = {10.1145/1353482.1353485},
    location = {Brussels, Belgium},
    pages = {13--24},
    publisher = {ACM},
    series = {AOSD '08},
    title = {{"Program, enhance thyself!":} demand-driven pattern-oriented program enhancement},
    year = {2008}
}

@inproceedings{Vikram:ccs2009,
    address = {New York, NY, USA},
    author = {Vikram, K. and Prateek, Abhishek and Livshits, Benjamin},
    booktitle = {Proceedings of the 16th ACM conference on Computer and communications security},
    doi = {10.1145/1653662.1653685},
    location = {Chicago, Illinois, USA},
    pages = {173--186},
    publisher = {ACM},
    series = {CCS '09},
    title = {{Ripley: automatically securing web 2.0 applications through replicated execution}},
    year = {2009}
}

@inproceedings{Welsh:osp2001,
    address = {New York, NY, USA},
    author = {Welsh, Matt and Culler, David and Brewer, Eric},
    booktitle = {Proceedings of the eighteenth ACM symposium on Operating systems principles},
    doi = {10.1145/502034.502057},
    journal = {SIGOPS Oper. Syst. Rev.},
    location = {Banff, Alberta, Canada},
    month = dec,
    number = {5},
    pages = {230--243},
    publisher = {ACM},
    series = {SOSP '01},
    title = {{SEDA: an architecture for well-conditioned, scalable internet services}},
    volume = {35},
    year = {2001}
}

@techreport{Yoshino2011WebSocket,
    address = {Fremont, CA, USA},
    author = {Yoshino, Takeshi},
    day = {3},
    howpublished = {Working Draft},
    institution = {IETF Secretariat},
    month = aug,
    publisher = {IETF Secretariat},
    title = {{WebSocket Per-frame DEFLATE Extension}},
    url = {http://tools.ietf.org/id/draft-tyoshino-hybi-websocket-perframe-deflate-04.txt},
    year = {2011}
}
